<record><leader>00000cas a22000007a 4500</leader><controlfield tag="001">12966870</controlfield><controlfield tag="008">860103d1859186ulauwr ne      0    0ger d</controlfield><datafield ind1=" " ind2=" " tag="010"><subfield code="a">sn 85034517 </subfield></datafield><datafield ind1=" " ind2=" " tag="040"><subfield code="a">NPU</subfield><subfield code="b">eng</subfield><subfield code="c">NPU</subfield><subfield code="d">NPX</subfield><subfield code="d">LNP</subfield><subfield code="d">OCLCQ</subfield></datafield><datafield ind1=" " ind2=" " tag="042"><subfield code="a">msc</subfield></datafield><datafield ind1="0" ind2=" " tag="130"><subfield code="a">Wo&#776;chentliche deutsche Zeitung (New Orleans, La. : 1859)</subfield></datafield><datafield ind1="1" ind2="4" tag="245"><subfield code="a">Die wo&#776;chentliche deutsche Zeitung.</subfield></datafield><datafield ind1=" " ind2=" " tag="260"><subfield code="a">New Orleans [La.] :</subfield><subfield code="b">Pfeiffer &amp; Co.</subfield></datafield><datafield ind1=" " ind2=" " tag="300"><subfield code="a">v. ;</subfield><subfield code="c">55 cm.</subfield></datafield><datafield ind1=" " ind2=" " tag="310"><subfield code="a">Weekly</subfield></datafield><datafield ind1="0" ind2=" " tag="362"><subfield code="a">Jahrg. 1, Nr. 1 (2 Jan. 1859)-</subfield></datafield><datafield ind1=" " ind2=" " tag="546"><subfield code="a">In German.</subfield></datafield><datafield ind1=" " ind2=" " tag="580"><subfield code="a">Daily ed.: Ta&#776;gliche deutsche Zeitung (New Orleans, La. : 1854).</subfield></datafield><datafield ind1=" " ind2=" " tag="752"><subfield code="a">United States</subfield><subfield code="b">Louisiana</subfield><subfield code="c">Orleans</subfield><subfield code="d">New Orleans.</subfield></datafield><datafield ind1="1" ind2=" " tag="775"><subfield code="t">Ta&#776;gliche deutsche Zeitung (New Orleans, La. : 1854)</subfield><subfield code="w">(DLC)sn 86079072</subfield></datafield><datafield ind1="0" ind2="0" tag="785"><subfield code="t">New-Orleans wo&#776;chentliche deutsche Zeitung</subfield><subfield code="w">(DLC)sn 85034516</subfield></datafield></record>